@inproceedings{Zaman2017,
  title = {{RFID} based attendance system},
  author = {Hasan U. Zaman and Jannatul Siffat Hossain and Tasnim Tamanna Anika and Deboshree Choudhury},
  booktitle = {2017 8th International Conference on Computing,  Communication and Networking Technologies ({ICCCNT})},
  year  = {2017},
  organization = {IEEE}
  
}

@inproceedings{Eridani2015,
  title = {Simulation of attendance application on campus based on {RFID} (radio frequency identifiation)},
  author = {Dania Eridani and Eko Didik Widianto},
  booktitle = {2015 2nd International Conference on Information Technology,  Computer,  and Electrical Engineering ({ICITACEE})},
  year  = {2015},
  organization = {IEEE}

}

@inproceedings{xie2014efficiently,
  title={Efficiently collecting histograms over rfid tags},
  author={Xie, Lei and Han, Hao and Li, Qun and Wu, Jie and Lu, Sanglu},
  booktitle={INFOCOM, 2014 Proceedings IEEE},
  pages={145--153},
  year={2014},
  organization={IEEE}
}

@inproceedings{liu2017rf,
  title={RF-Scanner: Shelf scanning with robot-assisted RFID systems},
  author={Liu, Jia and Zhu, Feng and Wang, Yanyan and Wang, Xia and Pan, Qingfeng and Chen, Lijun},
  booktitle={INFOCOM 2017-IEEE Conference on Computer Communications, IEEE},
  pages={1--9},
  year={2017},
  organization={IEEE}
}

@article{bu2015deterministic,
  title={Deterministic detection of cloning attacks for anonymous RFID systems},
  author={Bu, Kai and Xu, Mingjie and Liu, Xuan and Luo, Jiaqing and Zhang, Shigeng and Weng, Minyu},
  journal={IEEE Transactions on Industrial Informatics},
  volume={11},
  number={6},
  pages={1255--1266},
  year={2015},
  publisher={IEEE}
}

@article{pane2018qualitative,
  title={Qualitative Evaluation of RFID Implementationon Warehouse Management System},
  author={Pane, Syafrial Fachri and Awangga, Rolly Maulana and Azhari, Bayu Rahmad},
  journal={TELKOMNIKA (Telecommunication Computing Electronics and Control)},
  volume={16},
  number={3},
  year={2018}
}

@inproceedings{Arjona2015,
  title = {Hardware based design and performance evaluation of a tree based {RFID} anti-collision protocol},
  author = {Laura Arjona and Hugo Landaluce and Asier Perallos and Sergio Martin},
  booktitle = {2015 International {EURASIP} Workshop on {RFID} Technology ({EURFID})},
  year  = {2015},
  organization = {IEEE},
  
}

@article{Almaaitah2014,
  author = {Abdallah Almaaitah and Hossam S. Hassanein and Mohamed Ibnkahla},
  title = {Tag Modulation Silencing: Design and Application in {RFID} Anti-Collision Protocols},
  pages = {4068--4079},
  year  = {2014},
  organization = {Institute of Electrical and Electronics Engineers ({IEEE})}

}

@inproceedings{Xu2016,
  title = {Research on indoor location algorithm using {RFID}},
  author = {Peng Xu and Tao Jiang},
  booktitle = {2016 {IEEE} 5th Asia-Pacific Conference on Antennas and Propagation ({APCAP})},
  year  = {2016},
  organization = {IEEE}
  
}

@inproceedings{basilio2016multifactor,
  title={Multifactor authentication system based on biometrics and radio frequency identification},
  author={Basilio-Ramirez, J and Perez-Meana, H and Ponomaryov, V},
  booktitle={Physics and Engineering of Microwaves, Millimeter and Submillimeter Waves (MSMW), 2016 9th International Kharkiv Symposium on},
  pages={1--4},
  year={2016},
  organization={IEEE}
}

@inproceedings{maleki2017new,
  title={New clone-detection approach for RFID-based supply chains},
  author={Maleki, Hoda and Rahaeimehr, Reza and Jin, Chenglu and van Dijk, Marten},
  booktitle={Hardware Oriented Security and Trust (HOST), 2017 IEEE International Symposium on},
  pages={122--127},
  year={2017},
  organization={IEEE}
}

@article{huang2017dtd,
  title={DTD: A novel double-track approach to clone detection for RFID-enabled supply chains},
  author={Huang, Jun and Li, Xiang and Xing, Cong-Cong and Wang, Wei and Hua, Kun and Guo, Song},
  journal={IEEE Transactions on Emerging Topics in Computing},
  volume={5},
  number={1},
  pages={134--140},
  year={2017},
  publisher={IEEE}
}

@article{shao2015protar,
  title={ProTaR: Probabilistic tag retardation for missing tag identification in large-scale RFID systems},
  author={Shao, Chenglong and Kim, Taekyung and Yu, Jieun and Choi, Jihoon and Lee, Wonjun},
  journal={IEEE transactions on industrial informatics},
  volume={11},
  number={2},
  pages={513--522},
  year={2015},
  publisher={IEEE}
}

@inproceedings{Venukumar2016,
  title = {Multi-factor authentication using threshold cryptography},
  author = {Vishnu Venukumar and Vinod Pathari},
  booktitle = {2016 International Conference on Advances in Computing,  Communications and Informatics ({ICACCI})},
  year  = {2016},
  organization = {{IEEE}}
  
}

@inproceedings{Awangga2017,
author = {Awangga, Rolly Maulana and Fathonah, Nuraini Siti and Hasanudin, Trisna Irmayadi},
booktitle = {2017 2nd International conferences on Information Technology, Information Systems and Electrical Engineering (ICITISEE)},
doi = {10.1109/ICITISEE.2017.8285506},
isbn = {978-1-5386-0658-2},
month = {nov},
pages = {255--260},
publisher = {IEEE},
title = {{Colenak: GPS tracking model for post-stroke rehabilitation program using AES-CBC URL encryption and QR-Code}},
url = {http://ieeexplore.ieee.org/document/8285506/},
year = {2017}
}

@inproceedings{jacob2015mobile,
  title={Mobile attendance using Near Field Communication and One-Time Password},
  author={Jacob, John and Jha, Kavya and Kotak, Paarth and Puthran, Shubha},
  booktitle={Green Computing and Internet of Things (ICGCIoT), 2015 International Conference on},
  pages={1298--1303},
  year={2015},
  organization={IEEE}
}

@inproceedings{Ramatsakane2017,
  title = {Pick location security: Seamless integrated multi-factor authentication},
  author = {Kobosa Icconies Ramatsakane and Wai Sze Leung},
  booktitle = {2017 {IST}-Africa Week Conference ({IST}-Africa)},
  year  = {2017},
  organization = {IEEE}
}

@inproceedings{oke2017developing,
  title={Developing multifactor authentication technique for secure electronic voting system},
  author={Oke, BA and Olaniyi, OM and Aboaba, AA and Arulogun, OT},
  booktitle={Computing Networking and Informatics (ICCNI), 2017 International Conference on},
  pages={1--6},
  year={2017},
  organization={IEEE}
}

@inproceedings{rehman2016framework,
  title={The framework for efficient passphrase-based multifactor authentication in cloud computing},
  author={Rehman, Faisal and Akram, Sana and Shah, Munam Ali},
  booktitle={Automation and Computing (ICAC), 2016 22nd International Conference on},
  pages={37--41},
  year={2016},
  organization={IEEE}
}

@inproceedings{alizadeh2014feasibility,
  title={Feasibility of Implementing Multi-factor Authentication Schemes in Mobile Cloud Computing},
  author={Alizadeh, Mojtaba and Hassan, Wan Haslina and Khodadadi, Touraj},
  booktitle={Intelligent Systems, Modelling and Simulation (ISMS), 2014 5th International Conference on},
  pages={615--618},
  year={2014},
  organization={IEEE}
}

@inproceedings{ba2017addressing,
  title={Addressing smartphone-based multi-factor authentication via hardware-rooted technologies},
  author={Ba, Zhongjie and Ren, Kui},
  booktitle={Distributed Computing Systems (ICDCS), 2017 IEEE 37th International Conference on},
  pages={1910--1914},
  year={2017},
  organization={IEEE}
}

@inproceedings{uluagac2014multi,
  title={A multi-factor re-authentication framework with user privacy},
  author={Uluagac, A Selcuk and Liu, Wenyi and Beyah, Raheem},
  booktitle={Communications and Network Security (CNS), 2014 IEEE Conference on},
  pages={504--505},
  year={2014},
  organization={IEEE}
}

@inproceedings{sarker2016design,
  title={Design and implementation of smart attendance management system using multiple step authentication},
  author={Sarker, Dhiman Kumar and Hossain, Nafize Ishtiaque and Jamil, Insan Arafat},
  booktitle={Computational Intelligence (IWCI), International Workshop on},
  pages={91--95},
  year={2016},
  organization={IEEE}
}

@inproceedings{khan2015multi,
  title={Multi-factor authentication on cloud},
  author={Khan, Salman H and Akbar, M Ali},
  booktitle={Digital Image Computing: Techniques and Applications (DICTA), 2015 International Conference on},
  pages={1--7},
  year={2015},
  organization={IEEE}
}

@inproceedings{mandyam2015leveraging,
  title={Leveraging contextual data for multifactor authentication in the mobile web},
  author={Mandyam, Giridhar D and Milikich, Mike},
  booktitle={Communication Systems and Networks (COMSNETS), 2015 7th International Conference on},
  pages={1--4},
  year={2015},
  organization={IEEE}
}

@inproceedings{shah2015multi,
  title={Multi-factor Authentication as a Service},
  author={Shah, Yogendra and Choyi, Vinod and Subramanian, Lakshmi},
  booktitle={Mobile Cloud Computing, Services, and Engineering (MobileCloud), 2015 3rd IEEE International Conference on},
  pages={144--150},
  year={2015},
  organization={IEEE}
}

@inproceedings{zhao2015asynchronous,
  title={Asynchronous Challenge-Response Authentication Solution Based on Smart Card in Cloud Environment},
  author={Zhao, Guifen and Li, Ying and Du, Liping and Zhao, Xin},
  booktitle={Information Science and Control Engineering (ICISCE), 2015 2nd International Conference on},
  pages={156--159},
  year={2015},
  organization={IEEE}
}

@inproceedings{hufstetler2017nfc,
  title={NFC Unlock: Secure Two-Factor Computer Authentication Using NFC},
  author={Hufstetler, Walter Austin and Ramos, Maria Jose Hito and Wang, Shuangbao},
  booktitle={2017 IEEE 14th International Conference on Mobile Ad Hoc and Sensor Systems (MASS)},
  pages={507--510},
  year={2017},
  organization={IEEE}
}

@article{cao2017real,
  title={Real-time data-driven monitoring in job-shop floor based on radio frequency identification},
  author={Cao, Wei and Jiang, Pingyu and Lu, Ping and Liu, Bin and Jiang, Kaiyong},
  journal={The International Journal of Advanced Manufacturing Technology},
  volume={92},
  number={5-8},
  pages={2099--2120},
  year={2017},
  publisher={Springer}
}

@misc{marcus2017system,
  title={System and method for automated RFID quality control},
  author={Marcus, Chris and Armijo, Edward A},
  year={2017},
  month=feb # "~14",
  publisher={Google Patents},
  note={US Patent 9,569,714}
}

@article{ramadan2017rfid,
  title={RFID-enabled smart real-time manufacturing cost tracking system},
  author={Ramadan, Muawia and Al-Maimani, Hassan and Noche, Bernd},
  journal={The International Journal of Advanced Manufacturing Technology},
  volume={89},
  number={1-4},
  pages={969--985},
  year={2017},
  publisher={Springer}
}

@article{tao2017advanced,
  title={Advanced manufacturing systems: socialization characteristics and trends},
  author={Tao, Fei and Cheng, Ying and Zhang, L and Nee, Andrew YC},
  journal={Journal of Intelligent Manufacturing},
  volume={28},
  number={5},
  pages={1079--1094},
  year={2017},
  publisher={Springer}
}

@article{chen2014novel,
  title={A novel deployment of smart cold chain system using 2G-RFID-Sys},
  author={Chen, Yu-Yi and Wang, Yao-Jen and Jan, Jinn-Ke},
  journal={Journal of Food Engineering},
  volume={141},
  pages={113--121},
  year={2014},
  publisher={Elsevier}
}

@article{cai2014boundary,
  title={A boundary condition based algorithm for locating construction site objects using RFID and GPS},
  author={Cai, Hubo and Andoh, Abdul Rahman and Su, Xing and Li, Shuai},
  journal={Advanced Engineering Informatics},
  volume={28},
  number={4},
  pages={455--468},
  year={2014},
  publisher={Elsevier}
}

@article{wang2017deep,
  title={Deep neural networks based order completion time prediction by using real-time job shop RFID data},
  author={Wang, Chuang and Jiang, Pingyu},
  journal={Journal of Intelligent Manufacturing},
  pages={1--16},
  year={2017},
  publisher={Springer}
}

@inproceedings{abas2017attendance,
  title={Attendance management system (AMS): Comparison of two different approaches},
  author={Abas, M Amir and Dahlui, M and others},
  booktitle={Engineering Technology and Technopreneurship (ICE2T), 2017 International Conference on},
  pages={1--7},
  year={2017},
  organization={IEEE}
}

@inproceedings{srinidhi2015web,
  title={A web enabled secured system for attendance monitoring and real time location tracking using Biometric and Radio Frequency Identification (RFID) technology},
  author={Srinidhi, MB and Roy, Romil},
  booktitle={Computer Communication and Informatics (ICCCI), 2015 International Conference on},
  pages={1--5},
  year={2015},
  organization={IEEE}
}

@article{kang2013development,
  title={Development of generic RFID traceability services},
  author={Kang, Yong-Shin and Lee, Yong-Han},
  journal={Computers in industry},
  volume={64},
  number={5},
  pages={609--623},
  year={2013},
  publisher={Elsevier}
}

@inproceedings{huang2013rfid,
  title={RFID systems integrated OTP security authentication design},
  author={Huang, Chao-Hsi and Huang, Shih-Chih},
  booktitle={Signal and Information Processing Association Annual Summit and Conference (APSIPA), 2013 Asia-Pacific},
  pages={1--8},
  year={2013},
  organization={IEEE}
}